@Standard{FIPS197,
  title        = {Announcing the {Advanced} {Encryption} {Standard} ({AES})},
  organization = {{National Institute of Standards and Technology}},
  author       = {{N.I.S.T.}},
  month        = {November, 26},
  year         = {2001},
  note         = {Federal Information Processing Standards Publication, n. 197},
  url          = {http://csrc.nist.gov/publications/fips/fips197/fips-197.pdf},
  comment      = {FIPS PUB 197},
}
